{
  "leader": "02218cas a2200529Ia 4500",
  "fields": [
    {
      "001": "ocn396088934"
    },
    {
      "003": "OCoLC"
    },
    {
      "005": "20211119105445.0"
    },
    {
      "008": "990423c19869999enkqx\\p\\\\\\\\\\\\\\0\\\\\\\\0eng\\d"
    },
    {
      "006": "m\\\\\\\\\\\\\\\\u\\\\\\\\\\\\\\\\"
    },
    {
      "040": {
        "ind1": "\\",
        "ind2": "\\",
        "subfields": [
          {
            "a": "M6U"
          },
          {
            "b": "eng"
          },
          {
            "c": "M6U"
          },
          {
            "d": "KCP"
          },
          {
            "d": "OCLCQ"
          },
          {
            "d": "OCLCF"
          },
          {
            "d": "OCLCO"
          },
          {
            "d": "OCLCQ"
          },
          {
            "d": "UKQUB"
          }
        ]
      }
    },
    {
      "019": {
        "ind1": "\\",
        "ind2": "\\",
        "subfields": [
          {
            "a": "1179405205"
          },
          {
            "a": "1184180584"
          }
        ]
      }
    },
    {
      "022": {
        "ind1": "\\",
        "ind2": "\\",
        "subfields": [
          {
            "a": "0887-378X"
          },
          {
            "l": "0887-378X"
          }
        ]
      }
    },
    {
      "035": {
        "ind1": "\\",
        "ind2": "\\",
        "subfields": [
          {
            "a": "(OCoLC)396088934"
          },
          {
            "z": "(OCoLC)1179405205"
          },
          {
            "z": "(OCoLC)1184180584"
          }
        ]
      }
    },
    {
      "043": {
        "ind1": "\\",
        "ind2": "\\",
        "subfields": [
          {
            "a": "n-us---"
          }
        ]
      }
    },
    {
      "050": {
        "ind1": "0",
        "ind2": "0",
        "subfields": [
          {
            "a": "RA418.3.U6"
          }
        ]
      }
    },
    {
      "082": {
        "ind1": "0",
        "ind2": "4",
        "subfields": [
          {
            "a": "362"
          },
          {
            "b": "MIL"
          }
        ]
      }
    },
    {
      "130": {
        "ind1": "0",
        "ind2": "\\",
        "subfields": [
          {
            "a": "Milbank quarterly (Online)"
          }
        ]
      }
    },
    {
      "210": {
        "ind1": "1",
        "ind2": "\\",
        "subfields": [
          {
            "a": "Milbank q."
          }
        ]
      }
    },
    {
      "222": {
        "ind1": "\\",
        "ind2": "4",
        "subfields": [
          {
            "a": "The Milbank quarterly."
          }
        ]
      }
    },
    {
      "245": {
        "ind1": "1",
        "ind2": "4",
        "subfields": [
          {
            "a": "The Milbank quarterly."
          }
        ]
      }
    },
    {
      "260": {
        "ind1": "\\",
        "ind2": "\\",
        "subfields": [
          {
            "a": "Oxford, England :"
          },
          {
            "b": "Blackwell Publishers,"
          },
          {
            "c": "1986-"
          }
        ]
      }
    },
    {
      "300": {
        "ind1": "\\",
        "ind2": "\\",
        "subfields": [
          {
            "a": "volumes :"
          },
          {
            "b": "illustrations, portraits ;"
          },
          {
            "c": "24 cm."
          }
        ]
      }
    },
    {
      "310": {
        "ind1": "\\",
        "ind2": "\\",
        "subfields": [
          {
            "a": "Quarterly"
          }
        ]
      }
    },
    {
      "336": {
        "ind1": "\\",
        "ind2": "\\",
        "subfields": [
          {
            "a": "text"
          },
          {
            "b": "txt"
          },
          {
            "2": "rdacontent"
          }
        ]
      }
    },
    {
      "337": {
        "ind1": "\\",
        "ind2": "\\",
        "subfields": [
          {
            "a": "unmediated"
          },
          {
            "b": "n"
          },
          {
            "2": "rdamedia"
          }
        ]
      }
    },
    {
      "338": {
        "ind1": "\\",
        "ind2": "\\",
        "subfields": [
          {
            "a": "volume"
          },
          {
            "b": "nc"
          },
          {
            "2": "rdacarrier"
          }
        ]
      }
    },
    {
      "362": {
        "ind1": "0",
        "ind2": "\\",
        "subfields": [
          {
            "a": "Vol. 64, no. 1 (1986)-"
          }
        ]
      }
    },
    {
      "490": {
        "ind1": "1",
        "ind2": "\\",
        "subfields": [
          {
            "a": "Blackwell Synergy."
          }
        ]
      }
    },
    {
      "530": {
        "ind1": "\\",
        "ind2": "\\",
        "subfields": [
          {
            "a": "Online version also available."
          }
        ]
      }
    },
    {
      "610": {
        "ind1": "2",
        "ind2": "0",
        "subfields": [
          {
            "a": "Milbank Memorial Fund"
          },
          {
            "v": "Periodicals."
          }
        ]
      }
    },
    {
      "650": {
        "ind1": "\\",
        "ind2": "2",
        "subfields": [
          {
            "a": "Delivery of Health Care."
          }
        ]
      }
    },
    {
      "650": {
        "ind1": "\\",
        "ind2": "2",
        "subfields": [
          {
            "a": "Public Health."
          }
        ]
      }
    },
    {
      "651": {
        "ind1": "\\",
        "ind2": "2",
        "subfields": [
          {
            "a": "United States."
          }
        ]
      }
    },
    {
      "610": {
        "ind1": "2",
        "ind2": "7",
        "subfields": [
          {
            "a": "Milbank Memorial Fund."
          },
          {
            "2": "fast"
          },
          {
            "0": "(OCoLC)fst00537491"
          }
        ]
      }
    },
    {
      "655": {
        "ind1": "\\",
        "ind2": "2",
        "subfields": [
          {
            "a": "Periodicals."
          }
        ]
      }
    },
    {
      "655": {
        "ind1": "\\",
        "ind2": "7",
        "subfields": [
          {
            "a": "Periodicals."
          },
          {
            "2": "fast"
          },
          {
            "0": "(OCoLC)fst01411641"
          }
        ]
      }
    },
    {
      "710": {
        "ind1": "2",
        "ind2": "\\",
        "subfields": [
          {
            "a": "Milbank Memorial Fund."
          }
        ]
      }
    },
    {
      "776": {
        "ind1": "1",
        "ind2": "\\",
        "subfields": [
          {
            "t": "Milbank quarterly (Online)"
          },
          {
            "x": "0887-378X"
          }
        ]
      }
    },
    {
      "830": {
        "ind1": "\\",
        "ind2": "0",
        "subfields": [
          {
            "a": "Blackwell Synergy."
          }
        ]
      }
    },
    {
      "856": {
        "ind1": "4",
        "ind2": "\\",
        "subfields": [
          {
            "u": "http://www.blackwell-synergy.com/loi/milq"
          },
          {
            "z": "The Milbank quarterly (Blackwell Synergy)"
          }
        ]
      }
    },
    {
      "856": {
        "ind1": "\\",
        "ind2": "\\",
        "subfields": [
          {
            "u": "http://queens.ezp1.qub.ac.uk/login?url=https://onlinelibrary.wiley.com/journal/14680009"
          },
          {
            "z": "Queen's Online Resource (Queen's Staff and Students Only)"
          },
          {
            "p": "1"
          },
          {
            "x": "NiBfQU"
          }
        ]
      }
    },
    {
      "856": {
        "ind1": "\\",
        "ind2": "\\",
        "subfields": [
          {
            "u": "http://queens.ezp1.qub.ac.uk/login?url=http://www.jstor.org/journal/milbankquarterly"
          },
          {
            "z": "Queen's Online Resource (Queen's Staff and Students Only)"
          },
          {
            "p": "2"
          },
          {
            "x": "NiBfQU"
          }
        ]
      }
    },
    {
      "856": {
        "ind1": "\\",
        "ind2": "\\",
        "subfields": [
          {
            "u": "http://queens.ezp1.qub.ac.uk/login?url=http://search.ebscohost.com/direct.asp?db=buh&jid=MIQ&scope=site"
          },
          {
            "z": "Queen's Online Resource (Queen's Staff and Students Only)"
          },
          {
            "p": "3"
          },
          {
            "x": "NiBfQU"
          }
        ]
      }
    },
    {
      "994": {
        "ind1": "\\",
        "ind2": "\\",
        "subfields": [
          {
            "a": "Z0"
          },
          {
            "b": "NYRVC"
          }
        ]
      }
    },
    {
      "948": {
        "ind1": "\\",
        "ind2": "\\",
        "subfields": [
          {
            "h": "NO HOLDINGS IN NYRVC - 8 OTHER HOLDINGS"
          }
        ]
      }
    },
    {
      "999": {
        "ind1": "\\",
        "ind2": "\\",
        "subfields": [
          {
            "0": "0000000013395"
          },
          {
            "v": "Volume 76 Number 4 1998"
          }
        ]
      }
    }
  ]
}